<?xml version="1.0" encoding="UTF-8"?><collection xmlns="http://www.loc.gov/MARC21/slim"><record><leader>00419nam--2200157-i-4500</leader><controlfield tag="001">000004639</controlfield><controlfield tag="002">20161230</controlfield><controlfield tag="005">20170304205116</controlfield><controlfield tag="008">060222s1000------------r-----000-0-eng-d</controlfield><datafield ind1=" " ind2=" " tag="100"><subfield code="a">Dallaporta, N</subfield></datafield><datafield ind1=" " ind2=" " tag="245"><subfield code="a">A tentative evaluation of the n mass difference</subfield></datafield><datafield ind1=" " ind2=" " tag="260"><subfield code="a">Padova</subfield><subfield code="b">Inst.Di Fisica Universita Di Padova</subfield></datafield><datafield ind1=" " ind2=" " tag="300"><subfield code="a">8 p.+2 Fig</subfield></datafield><datafield ind1=" " ind2=" " tag="700"><subfield code="a">Patergnani, G</subfield></datafield><datafield ind1=" " ind2=" " tag="852"><subfield code="a">6161</subfield></datafield><datafield ind1=" " ind2=" " tag="CAT"><subfield code="a">SYS</subfield><subfield code="c">20170304</subfield><subfield code="h">205116</subfield></datafield></record></collection>